<record><leader>00000cas a22000007a 4500</leader><controlfield tag="001">12921414</controlfield><controlfield tag="008">851216d18971898aluwr ne      0    0eng d</controlfield><datafield ind1=" " ind2=" " tag="010"><subfield code="a">sn 85045130 </subfield></datafield><datafield ind1=" " ind2=" " tag="040"><subfield code="a">AAR</subfield><subfield code="b">eng</subfield><subfield code="c">AAR</subfield><subfield code="d">CPN</subfield><subfield code="d">OCLCQ</subfield></datafield><datafield ind1=" " ind2=" " tag="042"><subfield code="a">msc</subfield></datafield><datafield ind1="0" ind2="4" tag="245"><subfield code="a">The Covington cresent.</subfield></datafield><datafield ind1="3" ind2="0" tag="246"><subfield code="a">Covington times</subfield></datafield><datafield ind1=" " ind2=" " tag="260"><subfield code="a">Andalusia, Ala. :</subfield><subfield code="b">C.M. Powell &amp; S.M. Gilmer,</subfield><subfield code="c">1897-1898.</subfield></datafield><datafield ind1=" " ind2=" " tag="300"><subfield code="a">v. :</subfield><subfield code="b">ill. ;</subfield><subfield code="c">59 cm.</subfield></datafield><datafield ind1=" " ind2=" " tag="310"><subfield code="a">Weekly</subfield></datafield><datafield ind1="0" ind2=" " tag="362"><subfield code="a">Vol. 1, no. 1 (Aug. 19, 1897)-v. 1, no. 24 (Feb. 4, 1898).</subfield></datafield><datafield ind1=" " ind2=" " tag="500"><subfield code="a">Masthead mistakenly published as: Covington times, Aug. 19-27, 1897.</subfield></datafield><datafield ind1=" " ind2=" " tag="752"><subfield code="a">United States</subfield><subfield code="b">Alabama</subfield><subfield code="c">Covington</subfield><subfield code="d">Andalusia.</subfield></datafield><datafield ind1="0" ind2="0" tag="780"><subfield code="t">Covington times</subfield><subfield code="w">(DLC)sn 85045129</subfield></datafield></record>